@inproceedings{krizhevsky2012imagenet,
  title={Imagenet classification with deep convolutional neural networks},
  author={Krizhevsky, Alex and Sutskever, Ilya and Hinton, Geoffrey E},
  booktitle={Advances in neural information processing systems},
  pages={1097--1105},
  year={2012}
}

@inproceedings{mikolov2013distributed,
  title={Distributed representations of words and phrases and their compositionality},
  author={Mikolov, Tomas and Sutskever, Ilya and Chen, Kai and Corrado, Greg S and Dean, Jeff},
  booktitle={Advances in neural information processing systems},
  pages={3111--3119},
  year={2013}
}

@inproceedings{sutskever2014sequence,
  title={Sequence to sequence learning with neural networks},
  author={Sutskever, Ilya and Vinyals, Oriol and Le, Quoc V},
  booktitle={Advances in neural information processing systems},
  pages={3104--3112},
  year={2014}
}

@inproceedings{wang2016automatically,
  title={Automatically learning semantic features for defect prediction},
  author={Wang, Song and Liu, Taiyue and Tan, Lin},
  booktitle={Proceedings of the 38th International Conference on Software Engineering},
  pages={297--308},
  year={2016},
  organization={ACM}
}

@inproceedings{gu2016deep,
  title={Deep API learning},
  author={Gu, Xiaodong and Zhang, Hongyu and Zhang, Dongmei and Kim, Sunghun},
  booktitle={Proceedings of the 2016 24th ACM SIGSOFT International Symposium on Foundations of Software Engineering},
  pages={631--642},
  year={2016},
  organization={ACM}
}

@inproceedings{xu2016predicting,
  title={Predicting semantically linkable knowledge in developer online forums via convolutional neural network},
  author={Xu, Bowen and Ye, Deheng and Xing, Zhenchang and Xia, Xin and Chen, Guibin and Li, Shanping},
  booktitle={Proceedings of the 31st IEEE/ACM International Conference on Automated Software Engineering},
  pages={51--62},
  year={2016},
  organization={ACM}
}

@inproceedings{white2016deep,
  title={Deep learning code fragments for code clone detection},
  author={White, Martin and Tufano, Michele and Vendome, Christopher and Poshyvanyk, Denys},
  booktitle={Proceedings of the 31st IEEE/ACM International Conference on Automated Software Engineering},
  pages={87--98},
  year={2016},
  organization={ACM}
}

@inproceedings{white2015toward,
  title={Toward deep learning software repositories},
  author={White, Martin and Vendome, Christopher and Linares-V{\'a}squez, Mario and Poshyvanyk, Denys},
  booktitle={Mining Software Repositories (MSR), 2015 IEEE/ACM 12th Working Conference on},
  pages={334--345},
  year={2015},
  organization={IEEE}
}

@inproceedings{lam2015combining,
  title={Combining deep learning with information retrieval to localize buggy files for bug reports (n)},
  author={Lam, An Ngoc and Nguyen, Anh Tuan and Nguyen, Hoan Anh and Nguyen, Tien N},
  booktitle={Automated Software Engineering (ASE), 2015 30th IEEE/ACM International Conference on},
  pages={476--481},
  year={2015},
  organization={IEEE}
}

@article{choetkiertikul2016deep,
  title={A deep learning model for estimating story points},
  author={Choetkiertikul, Morakot and Dam, Hoa Khanh and Tran, Truyen and Pham, Trang and Ghose, Aditya and Menzies, Tim},
  journal={arXiv preprint arXiv:1609.00489},
  year={2016}
}

@article{kim2013should,
  title={Where should we fix this bug? a two-phase recommendation model},
  author={Kim, Dongsun and Tao, Yida and Kim, Sunghun and Zeller, Andreas},
  journal={IEEE transactions on software Engineering},
  volume={39},
  number={11},
  pages={1597--1610},
  year={2013},
  publisher={IEEE}
}

@inproceedings{ye2014learning,
  title={Learning to rank relevant files for bug reports using domain knowledge},
  author={Ye, Xin and Bunescu, Razvan and Liu, Chang},
  booktitle={Proceedings of the 22nd ACM SIGSOFT International Symposium on Foundations of Software Engineering},
  pages={689--699},
  year={2014},
  organization={ACM}
}

@inproceedings{zhou2012should,
  title={Where should the bugs be fixed?-more accurate information retrieval-based bug localization based on bug reports},
  author={Zhou, Jian and Zhang, Hongyu and Lo, David},
  booktitle={Proceedings of the 34th International Conference on Software Engineering},
  pages={14--24},
  year={2012},
  organization={IEEE Press}
}

@inproceedings{raghothaman2016swim,
  title={SWIM: synthesizing what I mean: code search and idiomatic snippet synthesis},
  author={Raghothaman, Mukund and Wei, Yi and Hamadi, Youssef},
  booktitle={Proceedings of the 38th International Conference on Software Engineering},
  pages={357--367},
  year={2016},
  organization={ACM}
}

@inproceedings{wang2013mining,
  title={Mining succinct and high-coverage API usage patterns from source code},
  author={Wang, Jue and Dang, Yingnong and Zhang, Hongyu and Chen, Kai and Xie, Tao and Zhang, Dongmei},
  booktitle={Proceedings of the 10th Working Conference on Mining Software Repositories},
  pages={319--328},
  year={2013},
  organization={IEEE Press}
}